@misc{FallRepo,
 author = {Gutiérrez-Madroñal, L.},
 year = {2018},
 title = {Github repository},
 howpublished={\url{https://github.com/lorgut/FallDetectionData}},
}