@misc{WHO2018,
author = {{World Health Organization (WHO)}},
title = {Fact - sheets : Falls},
howpublished={\url{http://www.who.int/news-room/fact-sheets/detail/falls}},
note={{L}ast access: 08-07-2018}
}

@article{Dirac1953888,
  title   = "The lorentz transformation and absolute time",
  journal = "Physica ",
  volume  = "19",
  number  = "1-–12",
  pages   = "888--896",
  year    = "1953",
  doi     = "10.1016/S0031-8914(53)80099-6",
  author  = "P.A.M. Dirac"
}

@article{Feynman1963118,
  title   = "The theory of a general quantum system interacting with a linear dissipative system",
  journal = "Annals of Physics ",
  volume  = "24",
  pages   = "118--173",
  year    = "1963",
  doi     = "10.1016/0003-4916(63)90068-X",
  author  = "R.P Feynman and F.L {Vernon Jr.}"
}

@incollection{LaBlunda.2016,
 author = {{La Blunda}, Luigi and Wagner, Matthias},
 title = {Fall-detection belt based on Body Area Networks},
 howpublished={\url{http://www.biotelemetry.org/}},
 urldate = {November 2017},
 pages = {21--24},
 volume = {1},
 publisher = {{Faculteit Ingenieurswetenschappen KU Leuven}},
 isbn = {9789460189821},
 booktitle = {Proceedings of Biotelemetry XXI (ISOB conference)},
 year = {2016},
 address = {Leuven (Belgium)}
}


@incollection{LaBlunda.2016b,
 author = {{La Blunda}, Luigi and Wagner, Matthias},
 title = {The Usage of Body Area Networks for Fall-Detection},
 pages = {159--163},
 publisher = {{Alekseev, S.} and {Dowland, P. S.} and {Ghita, B.} and {Schneider, O.}},
 isbn = {978-1841024103},
 booktitle = {Proceedings of the eleventh International Network Conference (INC 2016)},
 year = {2016},
 address = {Frankfurt am Main}
}